%YAML 1.1
%TAG !u! tag:unity3d.com,2011:
--- !u!1 &330372964746951088
GameObject:
  m_ObjectHideFlags: 0
  m_CorrespondingSourceObject: {fileID: 0}
  m_PrefabInstance: {fileID: 0}
  m_PrefabAsset: {fileID: 0}
  serializedVersion: 6
  m_Component:
  - component: {fileID: 330372964746951101}
  - component: {fileID: 330372964746951102}
  - component: {fileID: 330372964746951089}
  - component: {fileID: 8218396766101899914}
  - component: {fileID: 2035712677487328987}
  m_Layer: 0
  m_Name: FemaleDope
  m_TagString: Dope
  m_Icon: {fileID: 0}
  m_NavMeshLayer: 0
  m_StaticEditorFlags: 0
  m_IsActive: 1
--- !u!4 &330372964746951101
Transform:
  m_ObjectHideFlags: 0
  m_CorrespondingSourceObject: {fileID: 0}
  m_PrefabInstance: {fileID: 0}
  m_PrefabAsset: {fileID: 0}
  m_GameObject: {fileID: 330372964746951088}
  m_LocalRotation: {x: 0, y: 0, z: 0, w: 1}
  m_LocalPosition: {x: 0, y: 2.5, z: 0}
  m_LocalScale: {x: 2.5, y: 2.5, z: 2.5}
  m_Children:
  - {fileID: 7668620994635534482}
  m_Father: {fileID: 0}
  m_RootOrder: 0
  m_LocalEulerAnglesHint: {x: 0, y: 0, z: 0}
--- !u!136 &330372964746951102
CapsuleCollider:
  m_ObjectHideFlags: 0
  m_CorrespondingSourceObject: {fileID: 0}
  m_PrefabInstance: {fileID: 0}
  m_PrefabAsset: {fileID: 0}
  m_GameObject: {fileID: 330372964746951088}
  m_Material: {fileID: 0}
  m_IsTrigger: 0
  m_Enabled: 1
  m_Radius: 0.5000001
  m_Height: 2
  m_Direction: 1
  m_Center: {x: 0.000000059604645, y: 0, z: -0.00000008940697}
--- !u!195 &330372964746951089
NavMeshAgent:
  m_ObjectHideFlags: 0
  m_CorrespondingSourceObject: {fileID: 0}
  m_PrefabInstance: {fileID: 0}
  m_PrefabAsset: {fileID: 0}
  m_GameObject: {fileID: 330372964746951088}
  m_Enabled: 1
  m_AgentTypeID: -1372625422
  m_Radius: 0.25
  m_Speed: 1.7
  m_Acceleration: 8
  avoidancePriority: 50
  m_AngularSpeed: 120
  m_StoppingDistance: 0
  m_AutoTraverseOffMeshLink: 1
  m_AutoBraking: 1
  m_AutoRepath: 1
  m_Height: 1.8
  m_BaseOffset: 1
  m_WalkableMask: 4294967295
  m_ObstacleAvoidanceType: 4
--- !u!114 &8218396766101899914
MonoBehaviour:
  m_ObjectHideFlags: 0
  m_CorrespondingSourceObject: {fileID: 0}
  m_PrefabInstance: {fileID: 0}
  m_PrefabAsset: {fileID: 0}
  m_GameObject: {fileID: 330372964746951088}
  m_Enabled: 1
  m_EditorHideFlags: 0
  m_Script: {fileID: 11500000, guid: b59bd087892de684485f256de5658b37, type: 3}
  m_Name: 
  m_EditorClassIdentifier: 
  npcName: {fileID: 0}
  level: {fileID: 0}
--- !u!54 &2035712677487328987
Rigidbody:
  m_ObjectHideFlags: 0
  m_CorrespondingSourceObject: {fileID: 0}
  m_PrefabInstance: {fileID: 0}
  m_PrefabAsset: {fileID: 0}
  m_GameObject: {fileID: 330372964746951088}
  serializedVersion: 2
  m_Mass: 1
  m_Drag: 0
  m_AngularDrag: 0.05
  m_UseGravity: 0
  m_IsKinematic: 1
  m_Interpolate: 0
  m_Constraints: 0
  m_CollisionDetection: 0
--- !u!114 &2392429604689675764
MonoBehaviour:
  m_ObjectHideFlags: 0
  m_CorrespondingSourceObject: {fileID: 0}
  m_PrefabInstance: {fileID: 0}
  m_PrefabAsset: {fileID: 0}
  m_GameObject: {fileID: 7668620994635697330}
  m_Enabled: 1
  m_EditorHideFlags: 0
  m_Script: {fileID: 11500000, guid: 2560733ffea3e5f4384ce3c75116367b, type: 3}
  m_Name: 
  m_EditorClassIdentifier: 
  cell: {fileID: 5804950334232778189}
  tablet: {fileID: 6791306074283889677}
--- !u!114 &6808393697478410152
MonoBehaviour:
  m_ObjectHideFlags: 0
  m_CorrespondingSourceObject: {fileID: 0}
  m_PrefabInstance: {fileID: 0}
  m_PrefabAsset: {fileID: 0}
  m_GameObject: {fileID: 7668620994635697330}
  m_Enabled: 1
  m_EditorHideFlags: 0
  m_Script: {fileID: 11500000, guid: 443f23994b769464db1ce08a8e97b3d3, type: 3}
  m_Name: 
  m_EditorClassIdentifier: 
  footstep: event:/Footstep
--- !u!1001 &3256041449482288976
PrefabInstance:
  m_ObjectHideFlags: 0
  serializedVersion: 2
  m_Modification:
    m_TransformParent: {fileID: 7668620994635534468}
    m_Modifications:
    - target: {fileID: 9052406640626379421, guid: 9c1849ec82a63d74b8d86df9a82d8e28,
        type: 3}
      propertyPath: m_Name
      value: CellPhone
      objectReference: {fileID: 0}
    - target: {fileID: 9052406640626379421, guid: 9c1849ec82a63d74b8d86df9a82d8e28,
        type: 3}
      propertyPath: m_IsActive
      value: 0
      objectReference: {fileID: 0}
    - target: {fileID: 9052406640626349757, guid: 9c1849ec82a63d74b8d86df9a82d8e28,
        type: 3}
      propertyPath: m_LocalPosition.x
      value: 0.022
      objectReference: {fileID: 0}
    - target: {fileID: 9052406640626349757, guid: 9c1849ec82a63d74b8d86df9a82d8e28,
        type: 3}
      propertyPath: m_LocalPosition.y
      value: 0.109
      objectReference: {fileID: 0}
    - target: {fileID: 9052406640626349757, guid: 9c1849ec82a63d74b8d86df9a82d8e28,
        type: 3}
      propertyPath: m_LocalPosition.z
      value: 0.021
      objectReference: {fileID: 0}
    - target: {fileID: 9052406640626349757, guid: 9c1849ec82a63d74b8d86df9a82d8e28,
        type: 3}
      propertyPath: m_LocalRotation.x
      value: 0.1464466
      objectReference: {fileID: 0}
    - target: {fileID: 9052406640626349757, guid: 9c1849ec82a63d74b8d86df9a82d8e28,
        type: 3}
      propertyPath: m_LocalRotation.y
      value: 0.35355338
      objectReference: {fileID: 0}
    - target: {fileID: 9052406640626349757, guid: 9c1849ec82a63d74b8d86df9a82d8e28,
        type: 3}
      propertyPath: m_LocalRotation.z
      value: 0.35355338
      objectReference: {fileID: 0}
    - target: {fileID: 9052406640626349757, guid: 9c1849ec82a63d74b8d86df9a82d8e28,
        type: 3}
      propertyPath: m_LocalRotation.w
      value: 0.8535535
      objectReference: {fileID: 0}
    - target: {fileID: 9052406640626349757, guid: 9c1849ec82a63d74b8d86df9a82d8e28,
        type: 3}
      propertyPath: m_RootOrder
      value: 5
      objectReference: {fileID: 0}
    - target: {fileID: 9052406640626349757, guid: 9c1849ec82a63d74b8d86df9a82d8e28,
        type: 3}
      propertyPath: m_LocalEulerAnglesHint.x
      value: 0
      objectReference: {fileID: 0}
    - target: {fileID: 9052406640626349757, guid: 9c1849ec82a63d74b8d86df9a82d8e28,
        type: 3}
      propertyPath: m_LocalEulerAnglesHint.y
      value: 45
      objectReference: {fileID: 0}
    - target: {fileID: 9052406640626349757, guid: 9c1849ec82a63d74b8d86df9a82d8e28,
        type: 3}
      propertyPath: m_LocalEulerAnglesHint.z
      value: 45
      objectReference: {fileID: 0}
    m_RemovedComponents: []
  m_SourcePrefab: {fileID: 100100000, guid: 9c1849ec82a63d74b8d86df9a82d8e28, type: 3}
--- !u!1 &5804950334232778189 stripped
GameObject:
  m_CorrespondingSourceObject: {fileID: 9052406640626379421, guid: 9c1849ec82a63d74b8d86df9a82d8e28,
    type: 3}
  m_PrefabInstance: {fileID: 3256041449482288976}
  m_PrefabAsset: {fileID: 0}
--- !u!1001 &7907917074698387321
PrefabInstance:
  m_ObjectHideFlags: 0
  serializedVersion: 2
  m_Modification:
    m_TransformParent: {fileID: 330372964746951101}
    m_Modifications:
    - target: {fileID: 563788349978555339, guid: b2a39ae67b473f942806100e87ab6462,
        type: 3}
      propertyPath: m_Name
      value: female (1)
      objectReference: {fileID: 0}
    - target: {fileID: 563788349978555339, guid: b2a39ae67b473f942806100e87ab6462,
        type: 3}
      propertyPath: m_TagString
      value: Dope
      objectReference: {fileID: 0}
    - target: {fileID: 563788349978849259, guid: b2a39ae67b473f942806100e87ab6462,
        type: 3}
      propertyPath: m_LocalPosition.x
      value: 0
      objectReference: {fileID: 0}
    - target: {fileID: 563788349978849259, guid: b2a39ae67b473f942806100e87ab6462,
        type: 3}
      propertyPath: m_LocalPosition.y
      value: -0.98
      objectReference: {fileID: 0}
    - target: {fileID: 563788349978849259, guid: b2a39ae67b473f942806100e87ab6462,
        type: 3}
      propertyPath: m_LocalPosition.z
      value: 0
      objectReference: {fileID: 0}
    - target: {fileID: 563788349978849259, guid: b2a39ae67b473f942806100e87ab6462,
        type: 3}
      propertyPath: m_LocalRotation.x
      value: 0
      objectReference: {fileID: 0}
    - target: {fileID: 563788349978849259, guid: b2a39ae67b473f942806100e87ab6462,
        type: 3}
      propertyPath: m_LocalRotation.y
      value: 0
      objectReference: {fileID: 0}
    - target: {fileID: 563788349978849259, guid: b2a39ae67b473f942806100e87ab6462,
        type: 3}
      propertyPath: m_LocalRotation.z
      value: 0
      objectReference: {fileID: 0}
    - target: {fileID: 563788349978849259, guid: b2a39ae67b473f942806100e87ab6462,
        type: 3}
      propertyPath: m_LocalRotation.w
      value: 1
      objectReference: {fileID: 0}
    - target: {fileID: 563788349978849259, guid: b2a39ae67b473f942806100e87ab6462,
        type: 3}
      propertyPath: m_RootOrder
      value: 0
      objectReference: {fileID: 0}
    - target: {fileID: 563788349978849259, guid: b2a39ae67b473f942806100e87ab6462,
        type: 3}
      propertyPath: m_LocalEulerAnglesHint.x
      value: 0
      objectReference: {fileID: 0}
    - target: {fileID: 563788349978849259, guid: b2a39ae67b473f942806100e87ab6462,
        type: 3}
      propertyPath: m_LocalEulerAnglesHint.y
      value: 0
      objectReference: {fileID: 0}
    - target: {fileID: 563788349978849259, guid: b2a39ae67b473f942806100e87ab6462,
        type: 3}
      propertyPath: m_LocalEulerAnglesHint.z
      value: 0
      objectReference: {fileID: 0}
    - target: {fileID: 563788349978849259, guid: b2a39ae67b473f942806100e87ab6462,
        type: 3}
      propertyPath: m_LocalScale.x
      value: 1.2
      objectReference: {fileID: 0}
    - target: {fileID: 563788349978849259, guid: b2a39ae67b473f942806100e87ab6462,
        type: 3}
      propertyPath: m_LocalScale.y
      value: 1.2
      objectReference: {fileID: 0}
    - target: {fileID: 563788349978849259, guid: b2a39ae67b473f942806100e87ab6462,
        type: 3}
      propertyPath: m_LocalScale.z
      value: 1.2
      objectReference: {fileID: 0}
    - target: {fileID: 563788349978555353, guid: b2a39ae67b473f942806100e87ab6462,
        type: 3}
      propertyPath: m_TagString
      value: Dope
      objectReference: {fileID: 0}
    - target: {fileID: 563788349978555345, guid: b2a39ae67b473f942806100e87ab6462,
        type: 3}
      propertyPath: m_TagString
      value: Dope
      objectReference: {fileID: 0}
    - target: {fileID: 563788349978555351, guid: b2a39ae67b473f942806100e87ab6462,
        type: 3}
      propertyPath: m_TagString
      value: Dope
      objectReference: {fileID: 0}
    - target: {fileID: 563788349978555337, guid: b2a39ae67b473f942806100e87ab6462,
        type: 3}
      propertyPath: m_TagString
      value: Dope
      objectReference: {fileID: 0}
    - target: {fileID: 563788349978555307, guid: b2a39ae67b473f942806100e87ab6462,
        type: 3}
      propertyPath: m_TagString
      value: Dope
      objectReference: {fileID: 0}
    - target: {fileID: 563788349969055751, guid: b2a39ae67b473f942806100e87ab6462,
        type: 3}
      propertyPath: m_Controller
      value: 
      objectReference: {fileID: 9100000, guid: 838edbf909b2aea4ebd2a5f7b9a6e866, type: 2}
    - target: {fileID: 563788349978849249, guid: b2a39ae67b473f942806100e87ab6462,
        type: 3}
      propertyPath: m_LocalRotation.x
      value: 0.06652105
      objectReference: {fileID: 0}
    - target: {fileID: 563788349978849249, guid: b2a39ae67b473f942806100e87ab6462,
        type: 3}
      propertyPath: m_LocalRotation.z
      value: -0.0032053273
      objectReference: {fileID: 0}
    - target: {fileID: 563788349978849251, guid: b2a39ae67b473f942806100e87ab6462,
        type: 3}
      propertyPath: m_LocalRotation.x
      value: 0.06652105
      objectReference: {fileID: 0}
    - target: {fileID: 563788349978849251, guid: b2a39ae67b473f942806100e87ab6462,
        type: 3}
      propertyPath: m_LocalRotation.z
      value: 0.0032053273
      objectReference: {fileID: 0}
    - target: {fileID: 2768045768124207712, guid: b2a39ae67b473f942806100e87ab6462,
        type: 3}
      propertyPath: m_ConnectedAnchor.y
      value: -0.015021422
      objectReference: {fileID: 0}
    - target: {fileID: 2768045768124207712, guid: b2a39ae67b473f942806100e87ab6462,
        type: 3}
      propertyPath: m_ConnectedAnchor.z
      value: -0.010679506
      objectReference: {fileID: 0}
    - target: {fileID: 1122175581161720894, guid: b2a39ae67b473f942806100e87ab6462,
        type: 3}
      propertyPath: m_ConnectedAnchor.x
      value: 0.08701762
      objectReference: {fileID: 0}
    - target: {fileID: 1122175581161720894, guid: b2a39ae67b473f942806100e87ab6462,
        type: 3}
      propertyPath: m_ConnectedAnchor.y
      value: -0.015021422
      objectReference: {fileID: 0}
    - target: {fileID: 1122175581161720894, guid: b2a39ae67b473f942806100e87ab6462,
        type: 3}
      propertyPath: m_ConnectedAnchor.z
      value: -0.010679506
      objectReference: {fileID: 0}
    - target: {fileID: 5332561412149646324, guid: b2a39ae67b473f942806100e87ab6462,
        type: 3}
      propertyPath: m_ConnectedAnchor.x
      value: -0.000000018626451
      objectReference: {fileID: 0}
    - target: {fileID: 5332561412149646324, guid: b2a39ae67b473f942806100e87ab6462,
        type: 3}
      propertyPath: m_ConnectedAnchor.y
      value: 0.3464582
      objectReference: {fileID: 0}
    - target: {fileID: 5332561412149646324, guid: b2a39ae67b473f942806100e87ab6462,
        type: 3}
      propertyPath: m_ConnectedAnchor.z
      value: -0.000000029802322
      objectReference: {fileID: 0}
    - target: {fileID: 6325958553670175057, guid: b2a39ae67b473f942806100e87ab6462,
        type: 3}
      propertyPath: m_ConnectedAnchor.x
      value: 0.000000022351742
      objectReference: {fileID: 0}
    - target: {fileID: 6325958553670175057, guid: b2a39ae67b473f942806100e87ab6462,
        type: 3}
      propertyPath: m_ConnectedAnchor.y
      value: 0.3464582
      objectReference: {fileID: 0}
    - target: {fileID: 6325958553670175057, guid: b2a39ae67b473f942806100e87ab6462,
        type: 3}
      propertyPath: m_ConnectedAnchor.z
      value: 0.000000014901161
      objectReference: {fileID: 0}
    - target: {fileID: 6018132451009122546, guid: b2a39ae67b473f942806100e87ab6462,
        type: 3}
      propertyPath: m_ConnectedAnchor.x
      value: 0.00000008940697
      objectReference: {fileID: 0}
    - target: {fileID: 6018132451009122546, guid: b2a39ae67b473f942806100e87ab6462,
        type: 3}
      propertyPath: m_ConnectedAnchor.y
      value: 0.2146559
      objectReference: {fileID: 0}
    - target: {fileID: 6018132451009122546, guid: b2a39ae67b473f942806100e87ab6462,
        type: 3}
      propertyPath: m_ConnectedAnchor.z
      value: -0.000000010244548
      objectReference: {fileID: 0}
    - target: {fileID: 563788349978849175, guid: b2a39ae67b473f942806100e87ab6462,
        type: 3}
      propertyPath: m_LocalRotation.x
      value: 0.14079407
      objectReference: {fileID: 0}
    - target: {fileID: 563788349978849175, guid: b2a39ae67b473f942806100e87ab6462,
        type: 3}
      propertyPath: m_LocalRotation.z
      value: -0.033145085
      objectReference: {fileID: 0}
    - target: {fileID: 5634774660841711647, guid: b2a39ae67b473f942806100e87ab6462,
        type: 3}
      propertyPath: m_ConnectedAnchor.y
      value: 0.27656844
      objectReference: {fileID: 0}
    - target: {fileID: 5634774660841711647, guid: b2a39ae67b473f942806100e87ab6462,
        type: 3}
      propertyPath: m_ConnectedAnchor.z
      value: -0.019712687
      objectReference: {fileID: 0}
    - target: {fileID: 5967679524043424511, guid: b2a39ae67b473f942806100e87ab6462,
        type: 3}
      propertyPath: m_ConnectedAnchor.y
      value: 0.45357877
      objectReference: {fileID: 0}
    - target: {fileID: 5967679524043424511, guid: b2a39ae67b473f942806100e87ab6462,
        type: 3}
      propertyPath: m_ConnectedAnchor.z
      value: -0.023822896
      objectReference: {fileID: 0}
    - target: {fileID: 618696845559412560, guid: b2a39ae67b473f942806100e87ab6462,
        type: 3}
      propertyPath: m_ConnectedAnchor.y
      value: 0.27656844
      objectReference: {fileID: 0}
    - target: {fileID: 618696845559412560, guid: b2a39ae67b473f942806100e87ab6462,
        type: 3}
      propertyPath: m_ConnectedAnchor.z
      value: -0.019712795
      objectReference: {fileID: 0}
    - target: {fileID: 1534271713814585270, guid: b2a39ae67b473f942806100e87ab6462,
        type: 3}
      propertyPath: m_ConnectedAnchor.x
      value: -0.00000010430813
      objectReference: {fileID: 0}
    - target: {fileID: 1534271713814585270, guid: b2a39ae67b473f942806100e87ab6462,
        type: 3}
      propertyPath: m_ConnectedAnchor.y
      value: 0.21465583
      objectReference: {fileID: 0}
    - target: {fileID: 1534271713814585270, guid: b2a39ae67b473f942806100e87ab6462,
        type: 3}
      propertyPath: m_ConnectedAnchor.z
      value: -0.000000003259629
      objectReference: {fileID: 0}
    - target: {fileID: 563788349978849161, guid: b2a39ae67b473f942806100e87ab6462,
        type: 3}
      propertyPath: m_LocalRotation.x
      value: 0.14079407
      objectReference: {fileID: 0}
    - target: {fileID: 563788349978849161, guid: b2a39ae67b473f942806100e87ab6462,
        type: 3}
      propertyPath: m_LocalRotation.z
      value: 0.033145085
      objectReference: {fileID: 0}
    m_RemovedComponents: []
  m_SourcePrefab: {fileID: 100100000, guid: b2a39ae67b473f942806100e87ab6462, type: 3}
--- !u!1 &7668620994635697330 stripped
GameObject:
  m_CorrespondingSourceObject: {fileID: 563788349978555339, guid: b2a39ae67b473f942806100e87ab6462,
    type: 3}
  m_PrefabInstance: {fileID: 7907917074698387321}
  m_PrefabAsset: {fileID: 0}
--- !u!4 &7668620994635534482 stripped
Transform:
  m_CorrespondingSourceObject: {fileID: 563788349978849259, guid: b2a39ae67b473f942806100e87ab6462,
    type: 3}
  m_PrefabInstance: {fileID: 7907917074698387321}
  m_PrefabAsset: {fileID: 0}
--- !u!4 &7668620994635534468 stripped
Transform:
  m_CorrespondingSourceObject: {fileID: 563788349978849277, guid: b2a39ae67b473f942806100e87ab6462,
    type: 3}
  m_PrefabInstance: {fileID: 7907917074698387321}
  m_PrefabAsset: {fileID: 0}
--- !u!1001 &8735116383977045977
PrefabInstance:
  m_ObjectHideFlags: 0
  serializedVersion: 2
  m_Modification:
    m_TransformParent: {fileID: 7668620994635534468}
    m_Modifications:
    - target: {fileID: 2812162575779867604, guid: 736fbe5d1244e5c4494db107c78ac85b,
        type: 3}
      propertyPath: m_Name
      value: Tablet
      objectReference: {fileID: 0}
    - target: {fileID: 2812162575779867604, guid: 736fbe5d1244e5c4494db107c78ac85b,
        type: 3}
      propertyPath: m_IsActive
      value: 0
      objectReference: {fileID: 0}
    - target: {fileID: 2812162575780165620, guid: 736fbe5d1244e5c4494db107c78ac85b,
        type: 3}
      propertyPath: m_LocalPosition.x
      value: 0.048
      objectReference: {fileID: 0}
    - target: {fileID: 2812162575780165620, guid: 736fbe5d1244e5c4494db107c78ac85b,
        type: 3}
      propertyPath: m_LocalPosition.y
      value: 0.069
      objectReference: {fileID: 0}
    - target: {fileID: 2812162575780165620, guid: 736fbe5d1244e5c4494db107c78ac85b,
        type: 3}
      propertyPath: m_LocalPosition.z
      value: -0.052
      objectReference: {fileID: 0}
    - target: {fileID: 2812162575780165620, guid: 736fbe5d1244e5c4494db107c78ac85b,
        type: 3}
      propertyPath: m_LocalRotation.x
      value: 0.1464466
      objectReference: {fileID: 0}
    - target: {fileID: 2812162575780165620, guid: 736fbe5d1244e5c4494db107c78ac85b,
        type: 3}
      propertyPath: m_LocalRotation.y
      value: 0.35355338
      objectReference: {fileID: 0}
    - target: {fileID: 2812162575780165620, guid: 736fbe5d1244e5c4494db107c78ac85b,
        type: 3}
      propertyPath: m_LocalRotation.z
      value: 0.35355338
      objectReference: {fileID: 0}
    - target: {fileID: 2812162575780165620, guid: 736fbe5d1244e5c4494db107c78ac85b,
        type: 3}
      propertyPath: m_LocalRotation.w
      value: 0.8535535
      objectReference: {fileID: 0}
    - target: {fileID: 2812162575780165620, guid: 736fbe5d1244e5c4494db107c78ac85b,
        type: 3}
      propertyPath: m_RootOrder
      value: 6
      objectReference: {fileID: 0}
    - target: {fileID: 2812162575780165620, guid: 736fbe5d1244e5c4494db107c78ac85b,
        type: 3}
      propertyPath: m_LocalEulerAnglesHint.x
      value: 0
      objectReference: {fileID: 0}
    - target: {fileID: 2812162575780165620, guid: 736fbe5d1244e5c4494db107c78ac85b,
        type: 3}
      propertyPath: m_LocalEulerAnglesHint.y
      value: 45
      objectReference: {fileID: 0}
    - target: {fileID: 2812162575780165620, guid: 736fbe5d1244e5c4494db107c78ac85b,
        type: 3}
      propertyPath: m_LocalEulerAnglesHint.z
      value: 45
      objectReference: {fileID: 0}
    m_RemovedComponents: []
  m_SourcePrefab: {fileID: 100100000, guid: 736fbe5d1244e5c4494db107c78ac85b, type: 3}
--- !u!1 &6791306074283889677 stripped
GameObject:
  m_CorrespondingSourceObject: {fileID: 2812162575779867604, guid: 736fbe5d1244e5c4494db107c78ac85b,
    type: 3}
  m_PrefabInstance: {fileID: 8735116383977045977}
  m_PrefabAsset: {fileID: 0}
