%YAML 1.1
%TAG !u! tag:unity3d.com,2011:
--- !u!114 &8104984579186879786
MonoBehaviour:
  m_ObjectHideFlags: 0
  m_CorrespondingSourceObject: {fileID: 0}
  m_PrefabInstance: {fileID: 0}
  m_PrefabAsset: {fileID: 0}
  m_GameObject: {fileID: 305979790695967173}
  m_Enabled: 1
  m_EditorHideFlags: 0
  m_Script: {fileID: 11500000, guid: 443f23994b769464db1ce08a8e97b3d3, type: 3}
  m_Name: 
  m_EditorClassIdentifier: 
  footstep: event:/Footstep
--- !u!1 &330372964746951088
GameObject:
  m_ObjectHideFlags: 0
  m_CorrespondingSourceObject: {fileID: 0}
  m_PrefabInstance: {fileID: 0}
  m_PrefabAsset: {fileID: 0}
  serializedVersion: 6
  m_Component:
  - component: {fileID: 330372964746951101}
  - component: {fileID: 330372964746951102}
  - component: {fileID: 330372964746951089}
  - component: {fileID: 114921842547106048}
  m_Layer: 0
  m_Name: MaleNon-Dope
  m_TagString: Untagged
  m_Icon: {fileID: 0}
  m_NavMeshLayer: 0
  m_StaticEditorFlags: 0
  m_IsActive: 1
--- !u!4 &330372964746951101
Transform:
  m_ObjectHideFlags: 0
  m_CorrespondingSourceObject: {fileID: 0}
  m_PrefabInstance: {fileID: 0}
  m_PrefabAsset: {fileID: 0}
  m_GameObject: {fileID: 330372964746951088}
  m_LocalRotation: {x: 0, y: 0, z: 0, w: 1}
  m_LocalPosition: {x: 0, y: 2.5, z: 0}
  m_LocalScale: {x: 2.5, y: 2.5, z: 2.5}
  m_Children:
  - {fileID: 305979790696265189}
  m_Father: {fileID: 0}
  m_RootOrder: 0
  m_LocalEulerAnglesHint: {x: 0, y: 0, z: 0}
--- !u!136 &330372964746951102
CapsuleCollider:
  m_ObjectHideFlags: 0
  m_CorrespondingSourceObject: {fileID: 0}
  m_PrefabInstance: {fileID: 0}
  m_PrefabAsset: {fileID: 0}
  m_GameObject: {fileID: 330372964746951088}
  m_Material: {fileID: 0}
  m_IsTrigger: 0
  m_Enabled: 1
  m_Radius: 0.5000001
  m_Height: 2
  m_Direction: 1
  m_Center: {x: 0.000000059604645, y: 0, z: -0.00000008940697}
--- !u!195 &330372964746951089
NavMeshAgent:
  m_ObjectHideFlags: 0
  m_CorrespondingSourceObject: {fileID: 0}
  m_PrefabInstance: {fileID: 0}
  m_PrefabAsset: {fileID: 0}
  m_GameObject: {fileID: 330372964746951088}
  m_Enabled: 1
  m_AgentTypeID: 0
  m_Radius: 0.25
  m_Speed: 3.5
  m_Acceleration: 8
  avoidancePriority: 50
  m_AngularSpeed: 120
  m_StoppingDistance: 0
  m_AutoTraverseOffMeshLink: 1
  m_AutoBraking: 1
  m_AutoRepath: 1
  m_Height: 2
  m_BaseOffset: 1
  m_WalkableMask: 4294967295
  m_ObstacleAvoidanceType: 4
--- !u!114 &114921842547106048
MonoBehaviour:
  m_ObjectHideFlags: 0
  m_CorrespondingSourceObject: {fileID: 0}
  m_PrefabInstance: {fileID: 0}
  m_PrefabAsset: {fileID: 0}
  m_GameObject: {fileID: 330372964746951088}
  m_Enabled: 1
  m_EditorHideFlags: 0
  m_Script: {fileID: 11500000, guid: b59bd087892de684485f256de5658b37, type: 3}
  m_Name: 
  m_EditorClassIdentifier: 
  npcName: {fileID: 0}
  level: {fileID: 0}
--- !u!1001 &1777850667
PrefabInstance:
  m_ObjectHideFlags: 0
  serializedVersion: 2
  m_Modification:
    m_TransformParent: {fileID: 330372964746951101}
    m_Modifications:
    - target: {fileID: 9459494205524045, guid: c0bea142a08207345a64d105cb1e2abc, type: 3}
      propertyPath: m_ConnectedAnchor.x
      value: -0.17003958
      objectReference: {fileID: 0}
    - target: {fileID: 9459494205524045, guid: c0bea142a08207345a64d105cb1e2abc, type: 3}
      propertyPath: m_ConnectedAnchor.y
      value: 0.30072632
      objectReference: {fileID: 0}
    - target: {fileID: 9459494205524045, guid: c0bea142a08207345a64d105cb1e2abc, type: 3}
      propertyPath: m_ConnectedAnchor.z
      value: 0.022492263
      objectReference: {fileID: 0}
    - target: {fileID: 305979792175525070, guid: c0bea142a08207345a64d105cb1e2abc,
        type: 3}
      propertyPath: m_LocalPosition.x
      value: 0
      objectReference: {fileID: 0}
    - target: {fileID: 305979792175525070, guid: c0bea142a08207345a64d105cb1e2abc,
        type: 3}
      propertyPath: m_LocalPosition.y
      value: -0.98
      objectReference: {fileID: 0}
    - target: {fileID: 305979792175525070, guid: c0bea142a08207345a64d105cb1e2abc,
        type: 3}
      propertyPath: m_LocalPosition.z
      value: 0
      objectReference: {fileID: 0}
    - target: {fileID: 305979792175525070, guid: c0bea142a08207345a64d105cb1e2abc,
        type: 3}
      propertyPath: m_LocalRotation.x
      value: -0
      objectReference: {fileID: 0}
    - target: {fileID: 305979792175525070, guid: c0bea142a08207345a64d105cb1e2abc,
        type: 3}
      propertyPath: m_LocalRotation.y
      value: -0
      objectReference: {fileID: 0}
    - target: {fileID: 305979792175525070, guid: c0bea142a08207345a64d105cb1e2abc,
        type: 3}
      propertyPath: m_LocalRotation.z
      value: -0
      objectReference: {fileID: 0}
    - target: {fileID: 305979792175525070, guid: c0bea142a08207345a64d105cb1e2abc,
        type: 3}
      propertyPath: m_LocalRotation.w
      value: 1
      objectReference: {fileID: 0}
    - target: {fileID: 305979792175525070, guid: c0bea142a08207345a64d105cb1e2abc,
        type: 3}
      propertyPath: m_RootOrder
      value: 0
      objectReference: {fileID: 0}
    - target: {fileID: 305979792175525070, guid: c0bea142a08207345a64d105cb1e2abc,
        type: 3}
      propertyPath: m_LocalEulerAnglesHint.x
      value: 0
      objectReference: {fileID: 0}
    - target: {fileID: 305979792175525070, guid: c0bea142a08207345a64d105cb1e2abc,
        type: 3}
      propertyPath: m_LocalEulerAnglesHint.y
      value: 0
      objectReference: {fileID: 0}
    - target: {fileID: 305979792175525070, guid: c0bea142a08207345a64d105cb1e2abc,
        type: 3}
      propertyPath: m_LocalEulerAnglesHint.z
      value: 0
      objectReference: {fileID: 0}
    - target: {fileID: 305979792175525070, guid: c0bea142a08207345a64d105cb1e2abc,
        type: 3}
      propertyPath: m_LocalScale.x
      value: 1.2
      objectReference: {fileID: 0}
    - target: {fileID: 305979792175525070, guid: c0bea142a08207345a64d105cb1e2abc,
        type: 3}
      propertyPath: m_LocalScale.y
      value: 1.2
      objectReference: {fileID: 0}
    - target: {fileID: 305979792175525070, guid: c0bea142a08207345a64d105cb1e2abc,
        type: 3}
      propertyPath: m_LocalScale.z
      value: 1.2
      objectReference: {fileID: 0}
    - target: {fileID: 305979792175821038, guid: c0bea142a08207345a64d105cb1e2abc,
        type: 3}
      propertyPath: m_Name
      value: humantest
      objectReference: {fileID: 0}
    - target: {fileID: 305979792183198516, guid: c0bea142a08207345a64d105cb1e2abc,
        type: 3}
      propertyPath: m_Controller
      value: 
      objectReference: {fileID: 9100000, guid: 83bb198e42da66544b31cb6163557d70, type: 2}
    - target: {fileID: 305979792183198516, guid: c0bea142a08207345a64d105cb1e2abc,
        type: 3}
      propertyPath: m_ApplyRootMotion
      value: 0
      objectReference: {fileID: 0}
    - target: {fileID: 360715502291601774, guid: c0bea142a08207345a64d105cb1e2abc,
        type: 3}
      propertyPath: m_ConnectedAnchor.x
      value: 0.000000026077032
      objectReference: {fileID: 0}
    - target: {fileID: 360715502291601774, guid: c0bea142a08207345a64d105cb1e2abc,
        type: 3}
      propertyPath: m_ConnectedAnchor.y
      value: 0.39444137
      objectReference: {fileID: 0}
    - target: {fileID: 360715502291601774, guid: c0bea142a08207345a64d105cb1e2abc,
        type: 3}
      propertyPath: m_ConnectedAnchor.z
      value: -0.000000014901161
      objectReference: {fileID: 0}
    - target: {fileID: 1180000169709579384, guid: c0bea142a08207345a64d105cb1e2abc,
        type: 3}
      propertyPath: m_ConnectedAnchor.x
      value: -0.10138165
      objectReference: {fileID: 0}
    - target: {fileID: 1180000169709579384, guid: c0bea142a08207345a64d105cb1e2abc,
        type: 3}
      propertyPath: m_ConnectedAnchor.y
      value: -0.0036606342
      objectReference: {fileID: 0}
    - target: {fileID: 1180000169709579384, guid: c0bea142a08207345a64d105cb1e2abc,
        type: 3}
      propertyPath: m_ConnectedAnchor.z
      value: -0.010974936
      objectReference: {fileID: 0}
    - target: {fileID: 1284313196763623509, guid: c0bea142a08207345a64d105cb1e2abc,
        type: 3}
      propertyPath: m_ConnectedAnchor.x
      value: 0.10138166
      objectReference: {fileID: 0}
    - target: {fileID: 1284313196763623509, guid: c0bea142a08207345a64d105cb1e2abc,
        type: 3}
      propertyPath: m_ConnectedAnchor.y
      value: -0.0036606342
      objectReference: {fileID: 0}
    - target: {fileID: 1284313196763623509, guid: c0bea142a08207345a64d105cb1e2abc,
        type: 3}
      propertyPath: m_ConnectedAnchor.z
      value: -0.010974936
      objectReference: {fileID: 0}
    - target: {fileID: 1888834461873016062, guid: c0bea142a08207345a64d105cb1e2abc,
        type: 3}
      propertyPath: m_UseGravity
      value: 0
      objectReference: {fileID: 0}
    - target: {fileID: 1888834461873016062, guid: c0bea142a08207345a64d105cb1e2abc,
        type: 3}
      propertyPath: m_IsKinematic
      value: 1
      objectReference: {fileID: 0}
    - target: {fileID: 2406743992712277472, guid: c0bea142a08207345a64d105cb1e2abc,
        type: 3}
      propertyPath: m_ConnectedAnchor.x
      value: 0.17003955
      objectReference: {fileID: 0}
    - target: {fileID: 2453540160229965957, guid: c0bea142a08207345a64d105cb1e2abc,
        type: 3}
      propertyPath: m_UseGravity
      value: 0
      objectReference: {fileID: 0}
    - target: {fileID: 2453540160229965957, guid: c0bea142a08207345a64d105cb1e2abc,
        type: 3}
      propertyPath: m_IsKinematic
      value: 1
      objectReference: {fileID: 0}
    - target: {fileID: 2800140242054713316, guid: c0bea142a08207345a64d105cb1e2abc,
        type: 3}
      propertyPath: m_ConnectedAnchor.x
      value: -0.000000067055225
      objectReference: {fileID: 0}
    - target: {fileID: 2800140242054713316, guid: c0bea142a08207345a64d105cb1e2abc,
        type: 3}
      propertyPath: m_ConnectedAnchor.y
      value: 0.24214944
      objectReference: {fileID: 0}
    - target: {fileID: 2800140242054713316, guid: c0bea142a08207345a64d105cb1e2abc,
        type: 3}
      propertyPath: m_ConnectedAnchor.z
      value: -0.00000006542541
      objectReference: {fileID: 0}
    - target: {fileID: 3133628355178083736, guid: c0bea142a08207345a64d105cb1e2abc,
        type: 3}
      propertyPath: m_ConnectedAnchor.x
      value: -0.000000029802322
      objectReference: {fileID: 0}
    - target: {fileID: 3133628355178083736, guid: c0bea142a08207345a64d105cb1e2abc,
        type: 3}
      propertyPath: m_ConnectedAnchor.y
      value: 0.39444137
      objectReference: {fileID: 0}
    - target: {fileID: 3133628355178083736, guid: c0bea142a08207345a64d105cb1e2abc,
        type: 3}
      propertyPath: m_ConnectedAnchor.z
      value: -0.000000029802322
      objectReference: {fileID: 0}
    - target: {fileID: 3211581478754902927, guid: c0bea142a08207345a64d105cb1e2abc,
        type: 3}
      propertyPath: m_UseGravity
      value: 0
      objectReference: {fileID: 0}
    - target: {fileID: 3211581478754902927, guid: c0bea142a08207345a64d105cb1e2abc,
        type: 3}
      propertyPath: m_IsKinematic
      value: 1
      objectReference: {fileID: 0}
    - target: {fileID: 3731539807043146421, guid: c0bea142a08207345a64d105cb1e2abc,
        type: 3}
      propertyPath: m_UseGravity
      value: 0
      objectReference: {fileID: 0}
    - target: {fileID: 3731539807043146421, guid: c0bea142a08207345a64d105cb1e2abc,
        type: 3}
      propertyPath: m_IsKinematic
      value: 1
      objectReference: {fileID: 0}
    - target: {fileID: 3854156441509283212, guid: c0bea142a08207345a64d105cb1e2abc,
        type: 3}
      propertyPath: m_UseGravity
      value: 0
      objectReference: {fileID: 0}
    - target: {fileID: 3854156441509283212, guid: c0bea142a08207345a64d105cb1e2abc,
        type: 3}
      propertyPath: m_IsKinematic
      value: 1
      objectReference: {fileID: 0}
    - target: {fileID: 3923482076463063463, guid: c0bea142a08207345a64d105cb1e2abc,
        type: 3}
      propertyPath: m_ConnectedAnchor.y
      value: 0.14154752
      objectReference: {fileID: 0}
    - target: {fileID: 3923482076463063463, guid: c0bea142a08207345a64d105cb1e2abc,
        type: 3}
      propertyPath: m_ConnectedAnchor.z
      value: 0.04281033
      objectReference: {fileID: 0}
    - target: {fileID: 4052436272853822013, guid: c0bea142a08207345a64d105cb1e2abc,
        type: 3}
      propertyPath: m_UseGravity
      value: 0
      objectReference: {fileID: 0}
    - target: {fileID: 4052436272853822013, guid: c0bea142a08207345a64d105cb1e2abc,
        type: 3}
      propertyPath: m_IsKinematic
      value: 1
      objectReference: {fileID: 0}
    - target: {fileID: 4937379320046709512, guid: c0bea142a08207345a64d105cb1e2abc,
        type: 3}
      propertyPath: m_UseGravity
      value: 0
      objectReference: {fileID: 0}
    - target: {fileID: 4937379320046709512, guid: c0bea142a08207345a64d105cb1e2abc,
        type: 3}
      propertyPath: m_IsKinematic
      value: 1
      objectReference: {fileID: 0}
    - target: {fileID: 4950442369937074028, guid: c0bea142a08207345a64d105cb1e2abc,
        type: 3}
      propertyPath: m_ConnectedAnchor.x
      value: -5.39881e-10
      objectReference: {fileID: 0}
    - target: {fileID: 4950442369937074028, guid: c0bea142a08207345a64d105cb1e2abc,
        type: 3}
      propertyPath: m_ConnectedAnchor.y
      value: 0.4959444
      objectReference: {fileID: 0}
    - target: {fileID: 4950442369937074028, guid: c0bea142a08207345a64d105cb1e2abc,
        type: 3}
      propertyPath: m_ConnectedAnchor.z
      value: 0.042971127
      objectReference: {fileID: 0}
    - target: {fileID: 5285667363308944752, guid: c0bea142a08207345a64d105cb1e2abc,
        type: 3}
      propertyPath: m_UseGravity
      value: 0
      objectReference: {fileID: 0}
    - target: {fileID: 5285667363308944752, guid: c0bea142a08207345a64d105cb1e2abc,
        type: 3}
      propertyPath: m_IsKinematic
      value: 1
      objectReference: {fileID: 0}
    - target: {fileID: 5440481961878968761, guid: c0bea142a08207345a64d105cb1e2abc,
        type: 3}
      propertyPath: m_UseGravity
      value: 0
      objectReference: {fileID: 0}
    - target: {fileID: 5440481961878968761, guid: c0bea142a08207345a64d105cb1e2abc,
        type: 3}
      propertyPath: m_IsKinematic
      value: 1
      objectReference: {fileID: 0}
    - target: {fileID: 5620276355667015316, guid: c0bea142a08207345a64d105cb1e2abc,
        type: 3}
      propertyPath: m_ConnectedAnchor.x
      value: 0.000000067055225
      objectReference: {fileID: 0}
    - target: {fileID: 5620276355667015316, guid: c0bea142a08207345a64d105cb1e2abc,
        type: 3}
      propertyPath: m_ConnectedAnchor.y
      value: 0.24214944
      objectReference: {fileID: 0}
    - target: {fileID: 5620276355667015316, guid: c0bea142a08207345a64d105cb1e2abc,
        type: 3}
      propertyPath: m_ConnectedAnchor.z
      value: -0.00000006495975
      objectReference: {fileID: 0}
    - target: {fileID: 6654768086972109205, guid: c0bea142a08207345a64d105cb1e2abc,
        type: 3}
      propertyPath: m_UseGravity
      value: 0
      objectReference: {fileID: 0}
    - target: {fileID: 6654768086972109205, guid: c0bea142a08207345a64d105cb1e2abc,
        type: 3}
      propertyPath: m_IsKinematic
      value: 1
      objectReference: {fileID: 0}
    - target: {fileID: 7057749457271675542, guid: c0bea142a08207345a64d105cb1e2abc,
        type: 3}
      propertyPath: m_UseGravity
      value: 0
      objectReference: {fileID: 0}
    - target: {fileID: 7057749457271675542, guid: c0bea142a08207345a64d105cb1e2abc,
        type: 3}
      propertyPath: m_IsKinematic
      value: 1
      objectReference: {fileID: 0}
    m_RemovedComponents: []
  m_SourcePrefab: {fileID: 100100000, guid: c0bea142a08207345a64d105cb1e2abc, type: 3}
--- !u!1 &305979790695967173 stripped
GameObject:
  m_CorrespondingSourceObject: {fileID: 305979792175821038, guid: c0bea142a08207345a64d105cb1e2abc,
    type: 3}
  m_PrefabInstance: {fileID: 1777850667}
  m_PrefabAsset: {fileID: 0}
--- !u!4 &305979790696265189 stripped
Transform:
  m_CorrespondingSourceObject: {fileID: 305979792175525070, guid: c0bea142a08207345a64d105cb1e2abc,
    type: 3}
  m_PrefabInstance: {fileID: 1777850667}
  m_PrefabAsset: {fileID: 0}
